@article{Dey2020,
  author  = {Dey, S. and [Other Authors]},
  title   = {Ambient Air Pollution and Daily Mortality in Ten Cities of India: A Causal Modelling Study},
  journal = {The Lancet Planetary Health},
  volume  = {4},
  number  = {7},
  pages   = {e287--e298},
  year    = {2020},
  url     = {https://www.thelancet.com/journals/lanplh/article/PIIS2542-5196(24)00114-1/fulltext},
  doi     = {10.1016/S2542-5196(24)00114-1}
}